<?xml version="1.0" encoding="UTF-8"?>
<marc:collection xmlns:marc="http://www.loc.gov/MARC21/slim" xmlns:xsi="http://www.w3.org/2001/XMLSchema-instance" xsi:schemaLocation="http://www.loc.gov/MARC21/slim http://www.loc.gov/standards/marcxml/schema/MARC21slim.xsd">
   <marc:record type="Bibliographic">
      <marc:leader>01688cam a2200373 a 4500</marc:leader>
      <marc:controlfield tag="001">2767869</marc:controlfield>
      <marc:controlfield tag="003">NjP</marc:controlfield>
      <marc:controlfield tag="005">20111102123459.0</marc:controlfield>
      <marc:controlfield tag="008">940111q19701979iq            000 0 araod</marc:controlfield>
      <marc:datafield tag="024" ind1="7" ind2=" ">
         <marc:subfield code="a">princeton_aco000090</marc:subfield>
         <marc:subfield code="2">local</marc:subfield>
      </marc:datafield>
      <marc:datafield tag="035" ind1=" " ind2=" ">
         <marc:subfield code="a">(OCoLC)ocn178390056</marc:subfield>
      </marc:datafield>
      <marc:datafield tag="035" ind1=" " ind2=" ">
         <marc:subfield code="a">(OCoLC)ocm29610889</marc:subfield>
      </marc:datafield>
      <marc:datafield tag="040" ind1=" " ind2=" ">
         <marc:subfield code="a">OSU</marc:subfield>
         <marc:subfield code="c">PUL</marc:subfield>
         <marc:subfield code="d">PUL</marc:subfield>
      </marc:datafield>
      <marc:datafield tag="035" ind1=" " ind2=" ">
         <marc:subfield code="a">(OCoLC)178390056</marc:subfield>
      </marc:datafield>
      <marc:datafield tag="035" ind1=" " ind2=" ">
         <marc:subfield code="9">CNG4063TS</marc:subfield>
      </marc:datafield>
      <marc:datafield tag="035" ind1=" " ind2=" ">
         <marc:subfield code="a">(NjP)2767869</marc:subfield>
      </marc:datafield>
      <marc:datafield tag="079" ind1=" " ind2=" ">
         <marc:subfield code="a">ocm29610889</marc:subfield>
      </marc:datafield>
      <marc:datafield tag="049" ind1=" " ind2=" ">
         <marc:subfield code="a">PULL</marc:subfield>
      </marc:datafield>
      <marc:datafield tag="100" ind1="1" ind2=" ">
         <marc:subfield code="6">880-01</marc:subfield>
         <marc:subfield code="a">Yāzijī, Nāṣīf,</marc:subfield>
         <marc:subfield code="d">1800-1871.</marc:subfield>
      </marc:datafield>
      <marc:datafield tag="240" ind1="1" ind2="0">
         <marc:subfield code="6">880-02</marc:subfield>
         <marc:subfield code="a">Jumānah fī sharḥ al-Khizānah</marc:subfield>
      </marc:datafield>
      <marc:datafield tag="245" ind1="1" ind2="0">
         <marc:subfield code="6">880-03</marc:subfield>
         <marc:subfield code="a">Kitāb al-jumānah fī sharḥ al-Khizānah /</marc:subfield>
         <marc:subfield code="c">taʼlīf Nāṣīf al-Yāzijī al-Lubnānī. Mukhtaṣar / bi-qalam, Ibrāhīm al-Yāzijī al-Lubnānī.</marc:subfield>
      </marc:datafield>
      <marc:datafield tag="260" ind1=" " ind2=" ">
         <marc:subfield code="6">880-04</marc:subfield>
         <marc:subfield code="a">Baghdād :</marc:subfield>
         <marc:subfield code="b">Maktabat Dār al-Bayān,</marc:subfield>
         <marc:subfield code="c">[197-?]</marc:subfield>
      </marc:datafield>
      <marc:datafield tag="300" ind1=" " ind2=" ">
         <marc:subfield code="a">113 p. ;</marc:subfield>
         <marc:subfield code="c">25 cm.</marc:subfield>
      </marc:datafield>
      <marc:datafield tag="500" ind1=" " ind2=" ">
         <marc:subfield code="a">Reprint. Originally published: 1289 [1872]</marc:subfield>
      </marc:datafield>
      <marc:datafield tag="650" ind1=" " ind2="0">
         <marc:subfield code="a">Arabic language</marc:subfield>
         <marc:subfield code="x">Morphology.</marc:subfield>
      </marc:datafield>
      <marc:datafield tag="700" ind1="1" ind2=" ">
         <marc:subfield code="6">880-05</marc:subfield>
         <marc:subfield code="a">Yāzijī, Nāṣīf,</marc:subfield>
         <marc:subfield code="d">1800-1871.</marc:subfield>
         <marc:subfield code="t">Khizānah.</marc:subfield>
      </marc:datafield>
      <marc:datafield tag="700" ind1="1" ind2=" ">
         <marc:subfield code="6">880-06</marc:subfield>
         <marc:subfield code="a">Yāzijī, Ibrāhīm,</marc:subfield>
         <marc:subfield code="d">1847-1906.</marc:subfield>
         <marc:subfield code="t">Mukhtaṣar.</marc:subfield>
      </marc:datafield>
      <marc:datafield tag="880" ind1="1" ind2=" ">
         <marc:subfield code="6">100-01/r</marc:subfield>
         <marc:subfield code="a">يازجي، ناصيف،</marc:subfield>
         <marc:subfield code="d">1800-1871.</marc:subfield>
      </marc:datafield>
      <marc:datafield tag="880" ind1="1" ind2="0">
         <marc:subfield code="6">240-02/r</marc:subfield>
         <marc:subfield code="a">جمانة في شرح الخزانة</marc:subfield>
      </marc:datafield>
      <marc:datafield tag="880" ind1="1" ind2="0">
         <marc:subfield code="6">245-03/r</marc:subfield>
         <marc:subfield code="a">كتاب الجمانة في شرح الخزانة /</marc:subfield>
         <marc:subfield code="c">تأليف ناصيف اليازجي اللبناني. مختصر / بقلم، ابراهيم اليازجي اللبناني.</marc:subfield>
      </marc:datafield>
      <marc:datafield tag="880" ind1=" " ind2=" ">
         <marc:subfield code="6">260-04/r</marc:subfield>
         <marc:subfield code="a">بغداد :</marc:subfield>
         <marc:subfield code="b">مكتبة دار البيان،</marc:subfield>
         <marc:subfield code="c">[197-?]</marc:subfield>
      </marc:datafield>
      <marc:datafield tag="880" ind1="1" ind2=" ">
         <marc:subfield code="6">700-05/r</marc:subfield>
         <marc:subfield code="a">يازجي، ناصيف،</marc:subfield>
         <marc:subfield code="d">1800-1871.</marc:subfield>
         <marc:subfield code="t">خزانة.</marc:subfield>
      </marc:datafield>
      <marc:datafield tag="880" ind1="1" ind2=" ">
         <marc:subfield code="6">700-06/r</marc:subfield>
         <marc:subfield code="a">يازجي، ابراهيم،</marc:subfield>
         <marc:subfield code="d">1847-1906.</marc:subfield>
         <marc:subfield code="t">مختصر.</marc:subfield>
      </marc:datafield>
      <marc:datafield tag="911" ind1=" " ind2=" ">
         <marc:subfield code="a">20000130</marc:subfield>
      </marc:datafield>
      <marc:datafield tag="994" ind1=" " ind2=" ">
         <marc:subfield code="a">C0</marc:subfield>
         <marc:subfield code="b">PUL</marc:subfield>
      </marc:datafield>
      <marc:datafield tag="999" ind1=" " ind2=" ">
         <marc:subfield code="a">2767869</marc:subfield>
      </marc:datafield>
   </marc:record>
</marc:collection>
